@article{eugene1993common,
  title={Common risk factors in the returns on stocks and bonds},
  author={Eugene, Fama and Kenneth, French},
  journal={Journal of financial economics},
  year={1993}
}
@article{gordon1956capital,
  title={Capital equipment analysis: the required rate of profit},
  author={Gordon, Myron J and Shapiro, Eli},
  journal={Management science},
  volume={3},
  number={1},
  pages={102--110},
  year={1956},
  publisher={INFORMS}
}
@article{treynor1961market,
  title={Market value, time, and risk},
  author={Treynor, Jack L},
  journal={Time, and Risk (August 8, 1961)},
  year={1961}
}
@article{sharpe1964capital,
  title={Capital asset prices: A theory of market equilibrium under conditions of risk},
  author={Sharpe, William F},
  journal={The journal of finance},
  volume={19},
  number={3},
  pages={425--442},
  year={1964},
  publisher={Wiley Online Library}
}
@article{lintner1965security,
  title={Security prices, risk, and maximal gains from diversification},
  author={Lintner, John},
  journal={The journal of finance},
  volume={20},
  number={4},
  pages={587--615},
  year={1965},
  publisher={JSTOR}
}
@article{mossin1966equilibrium,
  title={Equilibrium in a capital asset market},
  author={Mossin, Jan},
  journal={Econometrica: Journal of the econometric society},
  pages={768--783},
  year={1966},
  publisher={JSTOR}
}
@article{merton1973intertemporal,
  title={An intertemporal capital asset pricing model},
  author={Merton, Robert C},
  journal={Econometrica: Journal of the Econometric Society},
  pages={867--887},
  year={1973},
  publisher={JSTOR}
}
@article{selection1952harry,
  title={Selection, Portfolio and Diversification, E},
  author={Harry Markowitz},
  journal={The Journal of Finance},
  volume={7},
  number={1},
  pages={77--91},
  year={1952}
}
@article{bantz1981relationship,
  title={The relationship between return and market values of common stock},
  author={Bantz, R},
  journal={Journal of Financial Economics},
  volume={9},
  number={1},
  pages={3--18},
  year={1981}
}
@article{stattman1980book,
  title={Book values and stock returns},
  author={Stattman, Dennis},
  journal={The Chicago MBA: A journal of selected papers},
  volume={4},
  number={1},
  pages={25--45},
  year={1980}
}
@article{rosenberg1985persuasive,
  title={Persuasive evidence of market inefficiency},
  author={Rosenberg, Barr and Reid, Kenneth and Lanstein, Ronald},
  journal={The Journal of Portfolio Management},
  volume={11},
  number={3},
  pages={9--16},
  year={1985},
  publisher={Institutional Investor Journals Umbrella}
}
@article{chan1991fundamentals,
  title={Fundamentals and stock returns in Japan},
  author={Chan, Louis KC and Hamao, Yasushi and Lakonishok, Josef},
  journal={The journal of finance},
  volume={46},
  number={5},
  pages={1739--1764},
  year={1991},
  publisher={Wiley Online Library}
}
@article{basu1983earnings,
  title={Earningsâ€™ yield and the size effect},
  author={Basu, Sanjoy},
  journal={Journal of Financial Economics},
  volume={12},
  pages={129--156},
  year={1983}
}
@article{fama1992cross,
  title={The cross-section of expected stock returns},
  author={Fama, Eugene F and French, Kenneth R},
  journal={the Journal of Finance},
  volume={47},
  number={2},
  pages={427--465},
  year={1992},
  publisher={Wiley Online Library}
}
@misc{K-10,
    author = "{SEC}",
    title = "SEC K-10 Guidelines (expires October 31, 2022), \url{https://www.sec.gov/files/form10-k.pdf}",
    note = "[Online; accessed 27-June-2020]"
}